%% This BibTeX bibliography file was created using BibDesk.
%% https://bibdesk.sourceforge.io/

%% Created for Brent Seidel at 2025-02-13 15:07:03 -0700 


%% Saved with string encoding Unicode (UTF-8) 



@book{msc6502,
	author = {MOS Technology},
	date-added = {2025-02-13 15:02:53 -0700},
	date-modified = {2025-02-13 15:06:52 -0700},
	keywords = {Assembly Language},
	month = {July},
	publisher = {MOS Technology},
	title = {MSC6502 Microcomputer Family Programming Manual},
	year = {1976}}

@webpage{z80undoc,
	author = {Sean Young and Jan Wilmans},
	date-added = {2025-01-01 14:01:24 -0700},
	date-modified = {2025-01-01 14:17:43 -0700},
	keywords = {Assembly Language},
	title = {The Undocumented Z80 Documented},
	url = {http://www.myquest.nl/z80undocumented/},
	year = {2005},
	bdsk-url-1 = {http://www.myquest.nl/z80undocumented/}}

@book{z80,
	author = {Zilog/IXYS},
	date-added = {2025-01-01 13:58:19 -0700},
	date-modified = {2025-01-01 14:00:02 -0700},
	keywords = {Assembly Language},
	publisher = {Zilog},
	title = {Z80 CPU User Manual},
	year = {2016}}

@book{i8080,
	author = {Intel},
	date-added = {2024-07-22 13:50:37 -0700},
	date-modified = {2024-07-22 13:51:21 -0700},
	keywords = {Assembly Language},
	publisher = {Intel},
	title = {8080/8085 Assembly Language Programming},
	year = {1978}}

@book{m68000b,
	author = {Motorola/NXP},
	date-added = {2024-07-22 13:47:25 -0700},
	date-modified = {2024-07-22 13:48:44 -0700},
	keywords = {Assembly Language},
	publisher = {Motorola/NXP},
	title = {Motoroa M68000 Programmer's Reference Manual},
	year = {1992}}

@book{m68000a,
	author = {Motorola},
	date-added = {2024-07-22 13:45:51 -0700},
	date-modified = {2024-07-22 13:54:12 -0700},
	edition = {4th},
	keywords = {Assembly Language},
	publisher = {Prentice-Hall},
	title = {M68000 16/32-Bit Microprocessor Programmer's Reference Manual},
	year = {1984}}

@book{PA,
	author = {J.G.P. Barnes},
	date-added = {2024-07-10 15:57:33 -0700},
	date-modified = {2024-07-10 15:59:07 -0700},
	keywords = {Ada95},
	publisher = {Addison-Wesley Publishing Company},
	title = {Programming in Ada plus Language Reference Manual},
	year = {1991}}
